@article{subedi2009climate,
  title={Climate change and its potential effects on tree line position: an introduction and analysis},
  author={Subedi, MR},
  journal={Greenery--J. Environ. Biodiver},
  volume={7},
  pages={17--21},
  year={2009}
}

@article{subedi2012allometric,
  title={Allometric biomass models for bark of Cinnamomum tamala in mid-hill of Nepal},
  author={Subedi, Mukti Ram and Sharma, Ram P},
  journal={biomass and bioenergy},
  volume={47},
  pages={44--49},
  year={2012},
  publisher={Pergamon}
}

@article{oli2015effects,
  title={Effects of management activities on vegetation diversity, dispersion pattern and stand structure of community-managed forest (Shorea robusta) in Nepal},
  author={Oli, BN and Subedi, MR},
  journal={International Journal of Biodiversity Science,  Ecosystem Services \& Management},
  volume={11},
  number={2},
  pages={96--105},
  year={2015},
  publisher={Taylor and Francis}
}

@article{subedi2014distribution,
  title={Distribution pattern of cinnamomum tamala in annapurna conservation area, Kaski, Nepal},
  author={Subedi, Mukti Ram and Timilsina, Yajna Prasad},
  journal={Nepal Journal of Science and Technology},
  volume={15},
  number={2},
  pages={29--36},
  year={2014}
}

@article{subedi2016evidence,
  title={Evidence of User Participation in Community Forest Management in the Mid-hills of Nepal: A Case of Rule Making and Implementation},
  author={Subedi, MR and Timilsina, Yajna},
  journal={Small-scale Forestry},
  volume={15},
  number={2},
  pages={257--270},
  year={2016},
  publisher={Springer}
}

@article{subedi2018assessment,
  title={Assessment of geostatistical methods for spatiotemporal analysis of drought patterns in East Texas, USA},
  author={Subedi, Mukti Ram and Xi, Weimin and Edgar, Christopher B and Rideout-Hanzak, Sandra and Hedquist, Brent C},
  journal={Spatial Information Research},
  pages={1--11},
  year={2018},
  publisher={Springer Singapore}
}

@article{subedi2018height,
  title={Height-diameter modeling of Cinnamomum tamala grown in natural forest in mid-hill of Nepal},
  author={Subedi, Mukti Ram and Oli, Bishwa Nath and Shrestha, Surendra and Chhin, Sophan},
  journal={International Journal of Forestry Research},
  volume={2018},
  pages={1--11},
  year={2018},
  publisher={Hindawi Limited}
}

@MSCthesis{subedi2016evaluating,
  title={Evaluating Geospatial Distribution of Drought, Drought-Induced Tree Mortality, and Biomass Loss in East Texas, US},
  author={Subedi, Mukti Ram},
  year={2016},
  school={Texas A\&M University-Kingsville}
}

@article{subedi2021tree,
  title={Tree mortality and biomass loss in drought-affected forests of East Texas, USA},
  author={Subedi, Mukti Ram and Xi, Weimin and Edgar, Christopher B and Rideout-Hanzak, Sandra and Yan, Ming},
  journal={Journal of Forestry Research},
  volume={32},
  pages={67--80},
  year={2021},
  publisher={Springer Berlin Heidelberg}
}

@article{jackson2020season,
  title={Season, classifier, and spatial resolution impact honey mesquite and yellow bluestem detection using an unmanned aerial system},
  author={Jackson, Matthew and Portillo-Quintero, Carlos and Cox, Robert and Ritchie, Glen and Johnson, Mark and Humagain, Kamal and Subedi, Mukti Ram},
  journal={Rangeland Ecology \& Management},
  volume={73},
  number={5},
  pages={658--672},
  year={2020},
  publisher={Elsevier}
}

@article{kina2020analysis,
  title={Analysis of Potential Distribution of Tiger Habitat using MaxEnt in Chitwan National Park, Nepal},
  author={Kina, KC and Bhumpakhpan, Naris and Trisurat, Yongyut and Mainmit, Nittaya and Ghimire, Kamal and Subedi, Mukti},
  journal={Journal of Remote Sensing and GIS Association of Thailand},
  volume={21},
  number={3},
  pages={1--15},
  year={2020}
}

@article{portillo2021road,
  title={The road to operationalization of effective tropical forest monitoring systems},
  author={Portillo-Quintero, Carlos and Hern{\'a}ndez-Stefanoni, Jose L and Reyes-Palomeque, Gabriela and Subedi, Mukti R},
  journal={Remote Sensing},
  volume={13},
  number={7},
  pages={1370},
  year={2021},
  publisher={MDPI}
}

@article{yan2022complex,
  title={The complex impacts of unprecedented drought on forest tree mortality: A case study of dead trees in east Texas, USA},
  author={YAN, Ming and LIU, Zhiping and SUBEDI, Mukti Ram and Linfeng, LIANG and Weimin, XI},
  journal={Chinese Journal of Ecology},
  volume={42},
  number={3},
  pages={1034--1046},
  year={2022}
}

@article{portillo2022trends,
  title={Trends in Lesser Prairie-Chicken Habitat Extent and Distribution on the Southern High Plains},
  author={Portillo-Quintero, Carlos and Grisham, Blake and Haukos, David and Boal, Clint W and Hagen, Christian and Wan, Zhanming and Subedi, Mukti and Menkiti, Nwasinachi},
  journal={Remote Sensing},
  volume={14},
  number={15},
  pages={3780},
  year={2022},
  publisher={MDPI}
}

@misc{portillo2022novel,
  title={Novel Approaches in Tropical Forests Mapping and Monitoring--Time for Operationalization},
  author={Portillo-Quintero, Carlos and Hern{\'a}ndez-Stefanoni, Jose L and Reyes-Palomeque, Gabriela and Subedi, Mukti R},
  journal={Remote Sensing},
  volume={14},
  number={20},
  pages={5068},
  year={2022},
  publisher={MDPI}
}

@article{gautam2022moisture,
  title={Moisture, Not Temperature, in the Pre-Monsoon Influences Pinus wallichiana Growth along the Altitudinal and Aspect Gradients in the Lower Himalayas of Central Nepal},
  author={Gautam, Deepak and Gaire, Narayan Prasad and Subedi, Mukti and Sharma, Ram P and Tripathi, Shankar and Sigdel, Rajesh and Basnet, Saroj and Miya, Mahamad Sayab and Chhetri, Parveen K and Tong, Xiaojuan},
  journal={Forests},
  volume={13},
  number={11},
  pages={1771},
  year={2022},
  publisher={MDPI}
}

@article{chaudhary2023east,
  title={East Texas forests show strong resilience to exceptional drought},
  author={Chaudhary, Tilak and Xi, Weimin and Subedi, Mukti and Rideout-Hanzak, Sandra and Su, Haibin and Dewez, Nicholas P and Clarke, Stephen},
  journal={Forestry},
  volume={96},
  number={3},
  pages={326--339},
  year={2023},
  publisher={Oxford University Press}
}

@article{subedi2023leveraging,
  title={Leveraging NAIP Imagery for Accurate Large-Area Land Use/land Cover Mapping: A Case Study in Central Texas},
  author={Subedi, Mukti Ram and Portillo-Quintero, Carlos and Kahl, Samanthaa S and McIntyre, Nancy E and Cox, Robert D and Perry, Gad},
  journal={Photogrammetric Engineering \& Remote Sensing},
  volume={89},
  number={9},
  pages={547--560},
  year={2023},
  publisher={American Society for Photogrammetry and Remote Sensing}
}

@article{subedi2023site,
  title={Site Index Models for Loblolly Pine Forests in the Southern United States Developed with Forest Inventory and Analysis Data},
  author={Subedi, Mukti Ram and Zhao, Dehai and Dwivedi, Puneet and Costanzo, Bridgett E and Martin, James A},
  journal={Forest Science},
  pages={fxad039},
  year={2023},
  publisher={Oxford University Press US}
}