@misc{Subedi2022,
author = {Subedi, Mukti},
keywords = {Spatial autocorrelation,spatial blocking},
title = {{stdcab:Spatial Thinning, Dependency, Clustering, And Blocking of Point Data for Classification Problems}},
url = {https://github.com/suvedimukti/stdcab},
year = {2022}
}
