
@article{dsq,
  author   = {Gabriela T Richard and JooYoung Seo},
  title    = {Able to Play, Ready to Learn: Proposing an Intersectional, Critical Dis/abilities Framework for Research, Design and Practice in Video Games and Learning},
  journal  = {Disability Studies Quarterly},
  pubstate = {accepted with minor revision}
}

@article{scaffold,
  author   = {JooYoung Seo and Gabriela T Richard},
  title    = {SCAFFOLDing All Abilities into Makerspaces: Universal Design Framework for Accessible Maker Movement},
  journal  = {Journal of Information and Learning Sciences},
  pubstate = {in revision}
}

@incollection{seo2021islsdown,
  author    = {JooYoung Seo and Joseph E Michaelis and Joshua M Rosenberg},
  booktitle = {15th International Conference of the Learning Sciences (ICLS) 2021},
  publisher = {International Society of the Learning Sciences (ISLS)},
  title     = {LaTeX, Overleaf, and R Markdown Templates for ISLS Conferences: Increasing Collaboration, Reproducibility, and Accessibility},
  pubstate  = {under review}
}


